<collection xmlns="http://www.loc.gov/MARC21/slim">
<record>
  <leader>01124nam0a22002531i 450 </leader>
  <controlfield tag="001">IT\ICCU\CNCE\049884</controlfield>
  <controlfield tag="005">20021125000000.0</controlfield>
  <datafield tag="100" ind1=" " ind2=" ">
    <subfield code="a">19991130d1575        0itac0103    ba</subfield>
  </datafield>
  <datafield tag="101" ind1=" " ind2=" ">
    <subfield code="a">LAT</subfield>
  </datafield>
  <datafield tag="102" ind1=" " ind2=" ">
    <subfield code="a">IT</subfield>
  </datafield>
  <datafield tag="200" ind1="1" ind2=" ">
    <subfield code="a">℗M. Antonii Mureti I.C. et civis r. ℗Himnorum sacrorum. Liber iussu serenissimi Gulielmi ducis. Mantuae montis ferrati. et c. conscriptus. Eiusdem alia quaedam poematia</subfield>
  </datafield>
  <datafield tag="210" ind1=" " ind2=" ">
    <subfield code="a">Venetiis</subfield>
    <subfield code="c">apud Aldum</subfield>
    <subfield code="d">1575</subfield>
  </datafield>
  <datafield tag="215" ind1=" " ind2=" ">
    <subfield code="a">58 p.</subfield>
    <subfield code="d">8ʻ</subfield>
  </datafield>
  <datafield tag="300" ind1=" " ind2=" ">
    <subfield code="a">ANNULLATA !!!!!  vedi  53440</subfield>
  </datafield>
  <datafield tag="620" ind1=" " ind2=" ">
    <subfield code="a">IT</subfield>
    <subfield code="d">Venezia</subfield>
  </datafield>
  <datafield tag="700" ind1=" " ind2="1">
    <subfield code="a">Muret,</subfield>
    <subfield code="b">Marc Antoine</subfield>
    <subfield code="3">IT\ICCU\CNCA\000118</subfield>
  </datafield>
  <datafield tag="712" ind1="0" ind2="0">
    <subfield code="a">Manuzio, Aldo</subfield>
    <subfield code="c"> &lt;2.&gt;</subfield>
    <subfield code="3">IT\ICCU\CNCT\000782</subfield>
    <subfield code="4">650</subfield>
  </datafield>
  <datafield tag="790" ind1=" " ind2="1">
    <subfield code="a">Muretus,</subfield>
    <subfield code="b">Marcus Antonius</subfield>
    <subfield code="3">IT\ICCU\CNCA\014739</subfield>
    <subfield code="z">Muret, Marc Antoine</subfield>
  </datafield>
  <datafield tag="791" ind1="0" ind2="0">
    <subfield code="a">Manutio, Aldo</subfield>
    <subfield code="3">IT\ICCU\CNCT\005014</subfield>
    <subfield code="z">Manuzio, Aldo &lt;2.&gt;</subfield>
  </datafield>
  <datafield tag="791" ind1="0" ind2="0">
    <subfield code="a">Mannucci, Aldo</subfield>
    <subfield code="3">IT\ICCU\CNCT\005015</subfield>
    <subfield code="z">Manuzio, Aldo &lt;2.&gt;</subfield>
  </datafield>
  <datafield tag="791" ind1="0" ind2="0">
    <subfield code="a">Mannucius, Aldus</subfield>
    <subfield code="3">IT\ICCU\CNCT\005016</subfield>
    <subfield code="z">Manuzio, Aldo &lt;2.&gt;</subfield>
  </datafield>
  <datafield tag="791" ind1="0" ind2="2">
    <subfield code="a">℗Ex officina ℗Aldina</subfield>
    <subfield code="3">IT\ICCU\CNCT\005017</subfield>
    <subfield code="z">Manuzio, Aldo &lt;2.&gt;</subfield>
  </datafield>
  <datafield tag="801" ind1=" " ind2="3">
    <subfield code="a">IT</subfield>
    <subfield code="b">ICCU</subfield>
    <subfield code="c">20201115</subfield>
  </datafield>
  <datafield tag="899" ind1=" " ind2=" ">
    <subfield code="a">Biblioteca comunale Pietro Siciliani. Galatina</subfield>
    <subfield code="1">LE0209</subfield>
    <subfield code="2">LEK SF</subfield>
  </datafield>
</record>
</collection>
